<collection xmlns="http://www.loc.gov/MARC21/slim">
<record>
  <leader>01297nam0a22002051i 450 </leader>
  <controlfield tag="001">IT\ICCU\CNCE\057015</controlfield>
  <controlfield tag="005">20071108000000.0</controlfield>
  <datafield tag="100" ind1=" " ind2=" ">
    <subfield code="a">20040401f1591        0itac0103    ba</subfield>
  </datafield>
  <datafield tag="101" ind1=" " ind2=" ">
    <subfield code="a">LAT</subfield>
  </datafield>
  <datafield tag="102" ind1=" " ind2=" ">
    <subfield code="a">IT</subfield>
  </datafield>
  <datafield tag="200" ind1="1" ind2=" ">
    <subfield code="a">Privilegia, facultates, indulta, exemptiones ab omni iurisdictione, superioritate, visitatione, correctione, dominio et potestate ordinarium concessa a fel. mem. Sixto pp. IIII Archiospitali S. Spiritus in Saxia confirmata a fel. mem. Sixto V Gregorio XIIII pont. max. hospitali B. Ioannis Dei in Sancto Ioanne Calibita de Urbe concessa, et omnibus hospitalibus totius Religionis eiusdem in quacumque Christiani orbis parte et eius instar canonice institutis, et instituendis communicata</subfield>
  </datafield>
  <datafield tag="210" ind1=" " ind2=" ">
    <subfield code="d">\1591!</subfield>
  </datafield>
  <datafield tag="215" ind1=" " ind2=" ">
    <subfield code="a">\4! c.</subfield>
    <subfield code="d">fol</subfield>
  </datafield>
  <datafield tag="300" ind1=" " ind2=" ">
    <subfield code="a">Stampato a Roma da Paolo Blado; per la data e il tipografo cfr. Catalogo delle edizioni romane di Antonio Blado Asolano ed eredi, n. 2725.ANNULLATA !!! ACCORPATA AL CNC 48744 !!!</subfield>
  </datafield>
  <datafield tag="620" ind1=" " ind2=" ">
    <subfield code="a">IT</subfield>
    <subfield code="d">Roma</subfield>
  </datafield>
  <datafield tag="710" ind1="0" ind2="2">
    <subfield code="a">Ospedale di S. Spirito in Sassia</subfield>
    <subfield code="c"> &lt;Roma&gt;</subfield>
    <subfield code="3">3269</subfield>
  </datafield>
  <datafield tag="712" ind1="0" ind2="0">
    <subfield code="a">Blado, Paolo</subfield>
    <subfield code="3">IT\ICCU\CNCT\000288</subfield>
    <subfield code="4">650</subfield>
  </datafield>
  <datafield tag="791" ind1="0" ind2="2">
    <subfield code="a">Arcispedale di S. Spirito in Sassia</subfield>
    <subfield code="c"> &lt;Roma&gt;</subfield>
    <subfield code="3">IT\ICCU\CNCT\003098</subfield>
    <subfield code="z">Ospedale di S. Spirito in Sassia &lt;Roma&gt;</subfield>
  </datafield>
  <datafield tag="791" ind1="0" ind2="0">
    <subfield code="a">Bladus, Paulus</subfield>
    <subfield code="3">IT\ICCU\CNCT\004408</subfield>
    <subfield code="z">Blado, Paolo</subfield>
  </datafield>
  <datafield tag="801" ind1=" " ind2="3">
    <subfield code="a">IT</subfield>
    <subfield code="b">ICCU</subfield>
    <subfield code="c">20201115</subfield>
  </datafield>
</record>
</collection>
